<?xml version="1.0" encoding="UTF-8"?>
<record xmlns="http://www.loc.gov/MARC21/slim">
  <leader>01343cam a22002890a 4500</leader>
  <controlfield tag="001">3539757</controlfield>
  <controlfield tag="008">840913c19831832onc     b     0001  eng  </controlfield>
  <datafield tag="020" ind1=" " ind2=" ">
    <subfield code="a">0665213905 (Positive copy)</subfield>
  </datafield>
  <datafield tag="035" ind1=" " ind2=" ">
    <subfield code="a">(Sirsi) AOZ-3238</subfield>
  </datafield>
  <datafield tag="040" ind1=" " ind2=" ">
    <subfield code="a">CaOOCIHM</subfield>
    <subfield code="b">eng</subfield>
  </datafield>
  <datafield tag="043" ind1=" " ind2=" ">
    <subfield code="a">n-cn-on</subfield>
  </datafield>
  <datafield tag="082" ind1="0" ind2=" ">
    <subfield code="a">267.09713</subfield>
    <subfield code="2">19</subfield>
  </datafield>
  <datafield tag="110" ind1="2" ind2="0">
    <subfield code="a">Upper Canada Religious Tract and Book Society.</subfield>
  </datafield>
  <datafield tag="245" ind1="1" ind2="3">
    <subfield code="a">An account of the formation, of the Upper Canada Religious Tract and Book Society, at York the 10th January, 1832</subfield>
    <subfield code="h">[microform] :</subfield>
    <subfield code="b">with an address by the committee.</subfield>
  </datafield>
  <datafield tag="260" ind1="0" ind2=" ">
    <subfield code="a">[York? :</subfield>
    <subfield code="b">s.n.],</subfield>
    <subfield code="c">1832</subfield>
    <subfield code="e">(York [Toronto] :</subfield>
    <subfield code="f">R. Stanton)</subfield>
  </datafield>
  <datafield tag="300" ind1=" " ind2=" ">
    <subfield code="a">1 microfiche (11 fr.).</subfield>
  </datafield>
  <datafield tag="500" ind1=" " ind2=" ">
    <subfield code="a">&apos;&quot;Who hath despised the day of small things&quot;--Zech. iv, 10.&apos;</subfield>
  </datafield>
  <datafield tag="533" ind1=" " ind2=" ">
    <subfield code="a">Filmed from a copy of the original publication held by the Library of the Public Archives of Canada.</subfield>
    <subfield code="b">Ottawa :</subfield>
    <subfield code="c">Canadian Institute for Historical Microreproductions,</subfield>
    <subfield code="d">1983.</subfield>
  </datafield>
  <datafield tag="596" ind1=" " ind2=" ">
    <subfield code="a">4</subfield>
  </datafield>
  <datafield tag="610" ind1="2" ind2="0">
    <subfield code="a">Upper Canada Religious Tract and Book Society.</subfield>
  </datafield>
  <datafield tag="650" ind1=" " ind2="0">
    <subfield code="a">Church societies.</subfield>
  </datafield>
  <datafield tag="830" ind1=" " ind2="0">
    <subfield code="a">CIHM/ICMH Microfiche series ;</subfield>
    <subfield code="v">no. 21390</subfield>
  </datafield>
  <datafield tag="948" ind1=" " ind2=" ">
    <subfield code="a">10/16/1993</subfield>
    <subfield code="b">03/03/2000</subfield>
  </datafield>
  <datafield tag="904" ind1="1" ind2=" ">
    <subfield code="a">CIHM/ICMH Microfiche series = CIHM/ICMH collection de microfiches ;</subfield>
    <subfield code="v">no. 21390</subfield>
  </datafield>
  <datafield tag="983" ind1=" " ind2="0">
    <subfield code="a">CIHM/ICMH collection de microfiches ;</subfield>
    <subfield code="v">no 21390</subfield>
  </datafield>
  <datafield tag="998" ind1=" " ind2=" ">
    <subfield code="a"> 846233274</subfield>
  </datafield>
  <datafield tag="926" ind1=" " ind2=" ">
    <subfield code="a">MEDIA_COMM</subfield>
    <subfield code="b">MICROTEXT</subfield>
    <subfield code="c">CIHM no. 21390</subfield>
    <subfield code="d">MICROFORM</subfield>
    <subfield code="f">1</subfield>
  </datafield>
</record>
